@article{article1,
    author = {Author 1 Family Name, Given and Author 2 Family Name, Given}, % Only first author shown
    year = {date},
    journal = {Journal},
    volume = {Volume},
    number = {issue},
    pages = {page},
},

@article{article2,
    author = {Cho, S K and Author 2 Family Name, Given}, % Only first author shown
    year = {2003},
    journal = {Journal of microelectromechanical systems},
    volume = {12},
    number = {1},
    pages = {70},
}

@article{article3,
    author = {Abdelgawad, M and Author 2 Family Name, Given}, % Only first author shown
    year = {2009},
    journal = {Advanced Materials},
    volume = {21},
    number = {8},
    pages = {920},
}